
@book{scheftelowitz_apokryphen_1906,
	address = {Breslau},
	series = {Indische {Forschungen}},
	title = {Die {Apokryphen} des Ṛgveda ({Khilāni})},
	number = {1},
	publisher = {M. \& H. Marcus},
	author = {Scheftelowitz, J},
	year = {1906},
}
