@book{bakker_world_2014,
	address = {Leiden},
	series = {Supplement to {Groningen} {Oriental} {Studies}},
	title = {The world of the {Skandapurāṇa}: {Northern} {India} in the sixth and seventh centuries},
	isbn = {978-90-04-27009-1},
	shorttitle = {Bakker2014\_01},
	language = {English},
	publisher = {Brill},
	author = {Bakker, Hans T.},
	year = {2014},
	keywords = {18.64 ancient Indian languages and/or literature.; India.; Northern India., Bakker2014\_01, Hinduism Sacred books, Puranas Criticism, interpretation, etc, Siddham\_Bakker\_2014},
}


@book{bisschop_universal_2018,
	address = {Leiden \& Boston},
	series = {Gonda {Indological} {Studies}},
	title = {Universal Śaivism: {The} appeasement of all gods and powers in the Śāntyadhyāya of the Śivadharmaśāstra},
	number = {18},
	publisher = {Brill},
	author = {Bisschop, Peter C.},
	year = {2018},
	keywords = {Śivadharma},
}


@incollection{bisschop_inclusivism_2019,
	address = {Vienna},
	series = {Sitzungsberichte der {Philosophisch}-{Historischen} {Klasse}, 899 — {Beiträge} zur {Kultur}- und {Geistesgeschichte} {Asiens}, 99},
	title = {Inclusivism revisited: {The} worship of other gods in the Śivadharmaśāstra, the {Skandapurāṇa}, and the {Niśvāsamukha}},
	shorttitle = {Inclusivism revisited},
	language = {en},
	urldate = {2020-09-28},
	booktitle = {Tantric {Communities} in {Context}},
	publisher = {Verlag der Österreichischen Akademie der Wissenschaften},
	author = {Bisschop, Peter},
	editor = {Mirnig, Nina and Eltschinger, Vincent and Rastelli, Marion},
	year = {2019},
	pages = {511--537},
}


@book{saiva_utopia2021,
	address = {Napoli},
	series = {Studies in the {History} of Śaivism},
	title = {A Śaiva {Utopia}. {The} Śivadharma’s {Revision} of {Brahmanical} {Varṇāśramadharma}. {Critical} {Edition}, {Translation} \& {Study} of the Śivāśramādhyāya of the Śivadharmaśāstra},
	number = {I},
	publisher = {Università degli Studi di Napoli L'Orientale, Dipartimento Asia, Africa e Mediterraneo},
	author = {{Bisschop}, Peter C. and {Kafle}, Nirajan and {Lubin}, Timothy},
	year = {2021},
}




@incollection{DeSiminiMSSFromNepal2016,
	series = {Studies in ManuscriptCultures},
	title = {Śivadharma {Manuscripts} from {Nepal} and the {Making} of a Śaiva {Corpus}},
	url = {https://doi.org/10.1515/9783110496956-009},
	number = 9,
	urldate = {2021-05-13},
	booktitle = {One-{Volume} {Libraries}: {Composite} and {Multiple}-{Text} {Manuscripts}},
	publisher = {De Gruyter},
	author = {De Simini, Florinda},
	editor = {Friedrich, Michael and Schwarke, Cosima},
	keywords = {DeSimini2016\_01},
	pages = {233--286},
        year	= "2016"
}



@article{Kafle2019,
	title 	= "The \textit{kṛṣṇāṣṭamīvrata} in the \textsl{Śivadharmaśāstra}.
		A Comparative Edition and Study",
	author 	= "Kafle, Nirajan",
	journal = "Indo-Iranian Journal",
	volume	= "62 (2019), Issue 4",
	Pages 	= "340--383",
	year 	= "2019",
	publisher = "Brill"
}




@incollection{mirnig_rudras_2019,
	series = {Sitzungsberichte der {Philosophisch}-{Historischen} {Klasse}, 899 — {Beiträge} zur {Kultur}- und {Geistesgeschichte} {Asiens}, 99},
	title = {"{Rudras} on {Earth}" on the eve of the {Tantric} {Age}: {The} Śivadharmaśāstra and the making of Śaiva lay and intiatory communities},
	isbn = {978-3-7001-8378-5},
	booktitle = {Tantric {Communities} in {Context}},
	publisher = {Verlag der Österreichischen Akademie der Wissenschaften},
	author = {Mirnig, Nina},
	editor = {Mirnig, Nina and Rastelli, Marion and Eltschinger, Vincent},
	year = {2019},
	pages = {471--510},
}




@book{OlivelleGrhastha,
    editor    = "Olivelle, Patrick",
    title     = "Gṛhastha. The Householder in Ancient Indian Religious Culture",
    year      = "2019",
    publisher = "OUP",
}


@book{OlivelleSamnyasa,
    author    = "Olivelle, Patrick",
    title     = "Saṃnyāsa Upaniṣads. Hindu Scriptures on Asceticism and Renunciation",
    year      = "1992",
    publisher = "OUP",
    address   = "New York, Oxford"
}

@book{OlivelleAsrama,
    author    = "Olivelle, Patrick",
    title     = "The Āśrama System: The History and Hermeneutics of a Religious Institution",
    year      = "1993",
    publisher = "OUP"
}


@book{OlivelleDharmasutras,
    author    = "Olivelle, Patrick",
    title     = "Dharmasūtras. The Law Codes of Ancient India",
    year      = "1999",
    publisher = "OUP",
    address   = "Oxford"
}


@book{OlivelleDavisLaw,
    editor    = "Olivelle, Patrick and Davis, Donald R., Jr.",
    title     = "Hindu Law. A New History of Dharmaśāstra",
    year      = "2018",
    publisher = "OUP",
}

@incollection{OlivelleAsramaArticle,
    author    = "Olivelle, Patrick",
    title     = "Orders of Life. Āśrama",
    booktitle = "Hindu Law. A New History of Dharmaśāstra",
    year      = "2018",
    publisher = "OUP",
    pages     = "78--85",
}







@incollection{SandersonSaivaAge,
      author    = "Sanderson, Alexis",
      editor    = "Shingo Einoo",
      title     = "The {Ś}aiva {A}ge: The Rise and Dominance of Śaivism 
      							during the Early Medieval Period",
      booktitle = "Genesis and Development of Tantrism",
      series    = "Institute of Oriental Culture Special Series 23",
      publisher = "Institute of Oriental Culture, University of Tokyo",
      address   = "Tokyo",
      year      ={2009},
      pages     = "41--350",
    }
    
@article{SandersonSaivaLit,
      author    = "Sanderson, Alexis",
      title     = "The Śaiva Literature",
      journal   = "Journal of Indological Studies",
      volume    = "24 \&\ 25 (2012--2013)",
      address   = "Kyoto",
      year	= "2014",
      pages     = "1--113",
}





@book{yajnavalkya2019treatise,
  title={A Treatise on Dharma},
  author={Yājñavalkya and Olivelle, P.},
  isbn={9780674277069},
  year={2019},
  publisher={Harvard University Press}
}


@book{Vajracarya1973,
	address = {Kathmandu, Nepal},
	series = {{Aitihāsika} sāmagrī mālā},
	title = {{Licchavikālakā} abhilekha anuvāda, aitihāsika vyākhyāsahita},
	isbn = {NA},
	shorttitle = {Vajracarya1973\_01},
	language = {Nepali},
	number = {6},
	publisher = {Nepāla ra Eśiyālī Adhyayana Saṃsthāna, Tribhuvana Viśvavidyālaya},
	author = {Vajrācārya, Dhanavajra},
	year = {1973},
	keywords = {Siddham\_Vajrācārya\_1973, Vajracarya1973\_01},
}




